@article{paszke2019pytorch,
  title={Pytorch: An imperative style, high-performance deep learning library},
  author={Paszke, Adam and Gross, Sam and Massa, Francisco and Lerer, Adam and Bradbury, James and Chanan, Gregory and Killeen, Trevor and Lin, Zeming and Gimelshein, Natalia and Antiga, Luca and others},
  journal={Advances in neural information processing systems},
  volume={32},
  year={2019}
}

@book{boyd2004convex,
  title={Convex optimization},
  author={Boyd, Stephen and Vandenberghe, Lieven},
  year={2004},
  publisher={Cambridge university press}
}

@article{lecun2015deep,
  title={Deep learning},
  author={LeCun, Yann and Bengio, Yoshua and Hinton, Geoffrey},
  journal={Nature},
  volume={521},
  number={7553},
  pages={436--444},
  year={2015},
  publisher={Nature Publishing Group}
}

% Encoding: UTF-8

@Article{L_sel_2023,
  author    = {Lösel, Philipp D. and Monchanin, Coline and Lebrun, Renaud and Jayme, Alejandra and Relle, Jacob J. and Devaud, Jean-Marc and Heuveline, Vincent and Lihoreau, Mathieu},
  title     = {Natural variability in bee brain size and symmetry revealed by micro-CT imaging and deep learning},
  journal   = {PLOS Computational Biology},
  year      = {2023},
  volume    = {19},
  number    = {10},
  pages     = {e1011529},
  month     = oct,
  issn      = {1553-7358},
  doi       = {10.1371/journal.pcbi.1011529},
  editor    = {Webb, Barbara},
  file      = {:L_sel_2023 - Natural variability in bee brain size and symmetry revealed by micro-CT imaging and deep learning.pdf:PDF},
  publisher = {Public Library of Science (PLoS)},
}

@Article{Yu_2022,
  author    = {Yu, Congyu and Qin, Fangbo and Li, Ying and Qin, Zichuan and Norell, Mark},
  title     = {CT Segmentation of Dinosaur Fossils by Deep Learning},
  journal   = {Frontiers in Earth Science},
  year      = {2022},
  volume    = {9},
  month     = jan,
  issn      = {2296-6463},
  doi       = {10.3389/feart.2021.805271},
  publisher = {Frontiers Media SA},
}

@Article{Knutsen_2024,
  author    = {Knutsen, Espen M. and Konovalov, Dmitry A.},
  title     = {Accelerating segmentation of fossil CT scans through Deep Learning},
  journal   = {Scientific Reports},
  year      = {2024},
  volume    = {14},
  number    = {1},
  month     = sep,
  issn      = {2045-2322},
  doi       = {10.1038/s41598-024-71245-1},
  publisher = {Springer Science and Business Media LLC},
}

@Article{Beyrand_2019,
  author    = {Beyrand, Vincent and Voeten, Dennis F. A. E. and Bureš, Stanislav and Fernandez, Vincent and Janáček, Jiří and Jirák, Daniel and Rauhut, Oliver and Tafforeau, Paul},
  title     = {Multiphase progenetic development shaped the brain of flying archosaurs},
  journal   = {Scientific Reports},
  year      = {2019},
  volume    = {9},
  number    = {1},
  month     = jul,
  issn      = {2045-2322},
  doi       = {10.1038/s41598-019-46959-2},
  publisher = {Springer Science and Business Media LLC},
}

@InBook{Ronneberger_2015,
  pages     = {234--241},
  title     = {U-Net: Convolutional Networks for Biomedical Image Segmentation},
  publisher = {Springer International Publishing},
  year      = {2015},
  author    = {Ronneberger, Olaf and Fischer, Philipp and Brox, Thomas},
  isbn      = {9783319245744},
  booktitle = {Medical Image Computing and Computer-Assisted Intervention – MICCAI 2015},
  doi       = {10.1007/978-3-319-24574-4_28},
  issn      = {1611-3349},
}

@InProceedings{Selvaraju_2017,
  author    = {Selvaraju, Ramprasaath R. and Cogswell, Michael and Das, Abhishek and Vedantam, Ramakrishna and Parikh, Devi and Batra, Dhruv},
  title     = {Grad-CAM: Visual Explanations from Deep Networks via Gradient-Based Localization},
  booktitle = {2017 IEEE International Conference on Computer Vision (ICCV)},
  year      = {2017},
  pages     = {618--626},
  month     = oct,
  publisher = {IEEE},
  doi       = {10.1109/iccv.2017.74},
}

@InProceedings{Lundberg2017,
  author        = {Lundberg, Scott M and Lee, Su-In},
  title         = {A Unified Approach to Interpreting Model Predictions},
  booktitle     = {Advances in Neural Information Processing Systems},
  year          = {2017},
  editor        = {I. Guyon and U. Von Luxburg and S. Bengio and H. Wallach and R. Fergus and S. Vishwanathan and R. Garnett},
  volume        = {30},
  publisher     = {Curran Associates, Inc.},
  __markedentry = {[bair:6]},
  url           = {https://proceedings.neurips.cc/paper_files/paper/2017/file/8a20a8621978632d76c43dfd28b67767-Paper.pdf},
}

@Comment{jabref-meta: databaseType:bibtex;}
